@article{fama1997,
  title={Industry costs of equity},
  author={Fama, Eugene F and French, Kenneth R},
  journal={Journal of financial economics},
  volume={43},
  number={2},
  pages={153--193},
  year={1997},
  publisher={Elsevier}
}

@article{stat,
  title = {Latest Vaccine Statistics},
  author = {Department of Health},
  year = {2021},
  URL = {https://sacoronavirus.co.za/latest-vaccine-statistics/},
  organization = {Republic of South Africa}
}

@book{book,
  title={An introduction to game theory},
  author={Osborne, Martin J},
  volume={3},
  number={3},
  year={2004},
  publisher={Oxford university press New York}
}


  @Manual{Texevier,
    title = {{Texevier}: {P}ackage to create Elsevier templates for Rmarkdown},
    author = {N.F. Katzke},
    organization = {Bureau for Economic Research},
    address = {Stellenbosch, South Africa},
    note = {version 0.1.2},
    year = {2017},
  }

@article{harsanyi,
 ISSN = {00028282},
 URL = {http://www.jstor.org/stable/2118175},
 author = {John C. Harsanyi},
 journal = {The American Economic Review},
 number = {3},
 pages = {291--303},
 publisher = {American Economic Association},
 title = {Games with Incomplete Information},
 volume = {85},
 year = {1995}
}


@article{power,
  title={Power and performance as correlates of supervisors’ choice of modes of managing conflict: A preliminary investigation},
  author={Conrad, Charles},
  journal={Western Journal of Communication (includes Communication Reports)},
  volume={47},
  number={3},
  pages={218--228},
  year={1983},
  publisher={Taylor \& Francis}
}

@article{comm,
  title={Communicative strategies in organizational conflicts: Reliability and validity of a measurement scale},
  author={Putnam, Linda L and Wilson, Charmaine E},
  journal={Annals of the International Communication Association},
  volume={6},
  number={1},
  pages={629--652},
  year={1982},
  publisher={Taylor \& Francis}
}

@article{trust,
  title={Trust in the subordinate and deference to supervisor in China: A moderated mediation model of supervisor-subordinate guanxi and political mentoring},
  author={Liu, Pingqing and Shi, Junxi},
  journal={Chinese Management Studies},
  year={2017},
  publisher={Emerald Publishing Limited}
}


@phdthesis{2020games,
  title={Games with incomplete information: a framework based on possibility theory},
  author={Trabelsi, Mariem},
  year={2020},
  school={Universit{\'e} de Toulouse, Universit{\'e} Toulouse III-Paul Sabatier}
}

@article{2004com,
  title={Comments on “Games with Incomplete Information Played by ‘Bayesian’Players, I--III Harsanyi's Games with Incoplete Information”},
  author={Myerson, Roger B},
  journal={Management Science},
  volume={50},
  number={12\_supplement},
  pages={1818--1824},
  year={2004},
  publisher={INFORMS}
}

@article{luce1956,
  title={The determination of subjective characteristic functions in games with misperceived payoff functions},
  author={Luce, R Duncan and Adams, Ernest W},
  journal={Econometrica, Journal of the Econometric Society},
  pages={158--171},
  year={1956},
  publisher={JSTOR}
}

